<?xml version="1.0" encoding="UTF-8"?>
<record>
  <leader>01528nam a2200349 c 4500</leader>
  <controlfield tag="005">20240531102201.0</controlfield>
  <controlfield tag="007">tu</controlfield>
  <controlfield tag="008">||||||s1472uuuu|||||| | |||||||||||lat||</controlfield>
  <controlfield tag="001">991030115479706476</controlfield>
  <datafield tag="035" ind1=" " ind2=" ">
    <subfield code="a">(DE-38)7615855-49hbz_ubk</subfield>
  </datafield>
  <datafield tag="035" ind1=" " ind2=" ">
    <subfield code="a">7615855</subfield>
    <subfield code="9">ExL</subfield>
  </datafield>
  <datafield tag="041" ind1=" " ind2=" ">
    <subfield code="a">lat</subfield>
  </datafield>
  <datafield tag="044" ind1=" " ind2=" ">
    <subfield code="c">XA-DXDE</subfield>
  </datafield>
  <datafield tag="100" ind1="1" ind2=" ">
    <subfield code="a">Thomas</subfield>
    <subfield code="c">von Aquin, Heiliger</subfield>
    <subfield code="d">1225-1274</subfield>
    <subfield code="0">(DE-588)118622110</subfield>
    <subfield code="0">https://d-nb.info/gnd/118622110</subfield>
    <subfield code="0">http://viaf.org/viaf/100910150</subfield>
    <subfield code="B">GND-118622110</subfield>
  </datafield>
  <datafield tag="240" ind1="1" ind2="0">
    <subfield code="a">De perfectione status spiritualis</subfield>
  </datafield>
  <datafield tag="245" ind1="1" ind2="0">
    <subfield code="a">De perfectione vitae spiritualis</subfield>
    <subfield code="c">Thomas &lt;de Aquino&gt;</subfield>
  </datafield>
  <datafield tag="246" ind1="3" ind2=" ">
    <subfield code="a">Tractatus de perfectione status spiritualis</subfield>
  </datafield>
  <datafield tag="246" ind1="3" ind2=" ">
    <subfield code="a">Tractatus sancti Thome de perfectione status spiritualis</subfield>
  </datafield>
  <datafield tag="246" ind1="1" ind2="0">
    <subfield code="a">Thomae</subfield>
  </datafield>
  <datafield tag="264" ind1=" " ind2="1">
    <subfield code="a">[Köln]</subfield>
    <subfield code="b">[Arnold ter Hoernen]</subfield>
    <subfield code="c">[um 1472]</subfield>
  </datafield>
  <datafield tag="300" ind1=" " ind2=" ">
    <subfield code="a">[58] Bl.</subfield>
    <subfield code="c">4°</subfield>
  </datafield>
  <datafield tag="510" ind1="4" ind2=" ">
    <subfield code="a">GW M46228</subfield>
  </datafield>
  <datafield tag="510" ind1="4" ind2=" ">
    <subfield code="a">ISTC  it00313800</subfield>
  </datafield>
  <datafield tag="500" ind1=" " ind2=" ">
    <subfield code="a">Ansetzung nach GW: Tractatus de perfectione status spiritualis. - ISTC: De perfectione vitae spiritualis. - Textbeginn: Tractat[us] sancti Thome de p[er]f[e]c[ti]o[n]e stat[us] sp[irit]ualis</subfield>
  </datafield>
  <datafield tag="655" ind1=" " ind2="7">
    <subfield code="0">(DE-588)4027041-5</subfield>
    <subfield code="2">gnd-content</subfield>
  </datafield>
  <datafield tag="751" ind1=" " ind2=" ">
    <subfield code="a">Köln</subfield>
    <subfield code="0">(DE-588)4031483-2</subfield>
    <subfield code="4">pup</subfield>
    <subfield code="0">https://d-nb.info/gnd/040314839</subfield>
    <subfield code="B">GND-040314839</subfield>
  </datafield>
  <datafield tag="700" ind1="0" ind2=" ">
    <subfield code="a">Arnold</subfield>
    <subfield code="c">ter Hoernen</subfield>
    <subfield code="d">14XX-1483</subfield>
    <subfield code="0">(DE-588)137661495</subfield>
    <subfield code="4">prt</subfield>
    <subfield code="0">https://d-nb.info/gnd/137661495</subfield>
    <subfield code="0">http://viaf.org/viaf/249876526</subfield>
    <subfield code="B">GND-137661495</subfield>
  </datafield>
  <datafield tag="980" ind1="1" ind2=" ">
    <subfield code="a">Inkunabel</subfield>
    <subfield code="e">USB</subfield>
    <subfield code="s">Sammlung Gymnasialbibliothek</subfield>
    <subfield code="s">Sammlung Inkunabeln und Blockbücher</subfield>
    <subfield code="s">Sammlung Klosterbibliotheken im Kölner Raum</subfield>
    <subfield code="9">local</subfield>
  </datafield>
  <datafield tag="981" ind1=" " ind2=" ">
    <subfield code="a">(DE-38)7615855</subfield>
    <subfield code="9">local</subfield>
  </datafield>
  <datafield tag="984" ind1="2" ind2=" ">
    <subfield code="a">Kloster Sankt Barbara Köln</subfield>
    <subfield code="0">(DE-588)4275651-0</subfield>
    <subfield code="8">1</subfield>
    <subfield code="9">local</subfield>
  </datafield>
  <datafield tag="985" ind1=" " ind2=" ">
    <subfield code="f">GBIV6246</subfield>
    <subfield code="o">hs. Besitzvermerk "P[er]ti[n]et Carthus. in Colonia"</subfield>
    <subfield code="g">38</subfield>
    <subfield code="8">1</subfield>
    <subfield code="9">local</subfield>
  </datafield>
  <datafield tag="997" ind1=" " ind2=" ">
    <subfield code="a">20170316</subfield>
    <subfield code="9">local</subfield>
  </datafield>
  <datafield tag="MBD" ind1=" " ind2=" ">
    <subfield code="M">49HBZ_UBK</subfield>
    <subfield code="i">991030115479706476</subfield>
    <subfield code="n">Universität Köln</subfield>
  </datafield>
  <datafield tag="MNG" ind1=" " ind2=" ">
    <subfield code="c">38Lbieber</subfield>
    <subfield code="f">ILS</subfield>
    <subfield code="i">marc21</subfield>
    <subfield code="l">52</subfield>
    <subfield code="k">01</subfield>
    <subfield code="e">false</subfield>
    <subfield code="d">2024-05-31 10:22:01 Europe/Berlin</subfield>
    <subfield code="g">7615855-49hbz_ubk</subfield>
    <subfield code="j">60</subfield>
    <subfield code="a">import</subfield>
    <subfield code="b">2023-08-22 15:11:01 Europe/Berlin</subfield>
  </datafield>
  <datafield tag="H52" ind1=" " ind2=" ">
    <subfield code="b">38-HLS</subfield>
    <subfield code="c">38-HLS-MAG</subfield>
    <subfield code="8">22254080950006476</subfield>
  </datafield>
  <datafield tag="HOL" ind1=" " ind2=" ">
    <subfield code="b">2023-08-22 13:11:01</subfield>
    <subfield code="8">22254080950006476</subfield>
    <subfield code="M">49HBZ_UBK</subfield>
    <subfield code="g">false</subfield>
    <subfield code="a">import</subfield>
  </datafield>
  <datafield tag="ITM" ind1=" " ind2=" ">
    <subfield code="H">22254080950006476</subfield>
    <subfield code="x">38-HLS-MAG</subfield>
    <subfield code="f">RARE</subfield>
    <subfield code="v">38-HLS-MAG</subfield>
    <subfield code="p">L</subfield>
    <subfield code="X">AMO_HBZ_FIX</subfield>
    <subfield code="U">2023-08-21 12:59:00 Europe/Berlin</subfield>
    <subfield code="Y">2023-08-24 04:52:25 Europe/Berlin</subfield>
    <subfield code="h">false</subfield>
    <subfield code="n">GBIV6246</subfield>
    <subfield code="G">1</subfield>
    <subfield code="M">49HBZ_UBK</subfield>
    <subfield code="s">1</subfield>
    <subfield code="d">#</subfield>
    <subfield code="V">import</subfield>
    <subfield code="b">GBIV6246</subfield>
    <subfield code="O">Aufnahmedatum: 2008-03-27 | Klassifikation: 0</subfield>
    <subfield code="a">23254080940006476</subfield>
    <subfield code="W">2023-08-22 15:11:01 Europe/Berlin</subfield>
    <subfield code="u">38-HLS</subfield>
    <subfield code="w">38-HLS</subfield>
  </datafield>
  <datafield tag="GPN" ind1="0" ind2=" ">
    <subfield code="a">Arnoldus</subfield>
    <subfield code="c">ther Hornen</subfield>
    <subfield code="d">14XX-1483</subfield>
    <subfield code="A">GND</subfield>
    <subfield code="B">GND-137661495</subfield>
    <subfield code="C">400</subfield>
  </datafield>
  <datafield tag="GPN" ind1="1" ind2=" ">
    <subfield code="a">Hoernen, Arnold &lt;&lt;ter&gt;&gt;</subfield>
    <subfield code="d">14XX-1483</subfield>
    <subfield code="A">GND</subfield>
    <subfield code="B">GND-137661495</subfield>
    <subfield code="C">400</subfield>
  </datafield>
  <datafield tag="GPN" ind1="1" ind2=" ">
    <subfield code="a">Hoernen, Arnold &lt;&lt;ther&gt;&gt;</subfield>
    <subfield code="d">14XX-1483</subfield>
    <subfield code="A">GND</subfield>
    <subfield code="B">GND-137661495</subfield>
    <subfield code="C">400</subfield>
  </datafield>
  <datafield tag="GPN" ind1="1" ind2=" ">
    <subfield code="a">Therhoernen, Arnold</subfield>
    <subfield code="d">14XX-1483</subfield>
    <subfield code="A">GND</subfield>
    <subfield code="B">GND-137661495</subfield>
    <subfield code="C">400</subfield>
  </datafield>
  <datafield tag="GPN" ind1="1" ind2=" ">
    <subfield code="a">Terhoernen, Arnold</subfield>
    <subfield code="d">14XX-1483</subfield>
    <subfield code="A">GND</subfield>
    <subfield code="B">GND-137661495</subfield>
    <subfield code="C">400</subfield>
  </datafield>
  <datafield tag="GPN" ind1="1" ind2=" ">
    <subfield code="a">Terhornen, Arnold</subfield>
    <subfield code="d">14XX-1483</subfield>
    <subfield code="A">GND</subfield>
    <subfield code="B">GND-137661495</subfield>
    <subfield code="C">400</subfield>
  </datafield>
  <datafield tag="GPN" ind1="1" ind2=" ">
    <subfield code="a">Ther Hoernen, Arnold</subfield>
    <subfield code="d">14XX-1483</subfield>
    <subfield code="A">GND</subfield>
    <subfield code="B">GND-137661495</subfield>
    <subfield code="C">400</subfield>
  </datafield>
  <datafield tag="GPN" ind1="1" ind2=" ">
    <subfield code="a">Ther Hoernen, Arnoldus</subfield>
    <subfield code="d">14XX-1483</subfield>
    <subfield code="A">GND</subfield>
    <subfield code="B">GND-137661495</subfield>
    <subfield code="C">400</subfield>
  </datafield>
  <datafield tag="GPN" ind1="1" ind2=" ">
    <subfield code="a">Ter Hoernen, Arnold</subfield>
    <subfield code="d">14XX-1483</subfield>
    <subfield code="A">GND</subfield>
    <subfield code="B">GND-137661495</subfield>
    <subfield code="C">400</subfield>
  </datafield>
  <datafield tag="GPN" ind1="1" ind2=" ">
    <subfield code="a">Ther Hornen, Arnold</subfield>
    <subfield code="d">14XX-1483</subfield>
    <subfield code="A">GND</subfield>
    <subfield code="B">GND-137661495</subfield>
    <subfield code="C">400</subfield>
  </datafield>
  <datafield tag="GPN" ind1="1" ind2=" ">
    <subfield code="a">Hurnen, Arnold &lt;&lt;ter&gt;&gt;</subfield>
    <subfield code="d">14XX-1483</subfield>
    <subfield code="A">GND</subfield>
    <subfield code="B">GND-137661495</subfield>
    <subfield code="C">400</subfield>
  </datafield>
  <datafield tag="GPN" ind1="1" ind2=" ">
    <subfield code="a">Hornen, Arnold &lt;&lt;ter&gt;&gt;</subfield>
    <subfield code="d">14XX-1483</subfield>
    <subfield code="A">GND</subfield>
    <subfield code="B">GND-137661495</subfield>
    <subfield code="C">400</subfield>
  </datafield>
  <datafield tag="GPN" ind1="1" ind2=" ">
    <subfield code="a">Hornen, Arnoldus &lt;&lt;ther&gt;&gt;</subfield>
    <subfield code="d">14XX-1483</subfield>
    <subfield code="A">GND</subfield>
    <subfield code="B">GND-137661495</subfield>
    <subfield code="C">400</subfield>
  </datafield>
  <datafield tag="GPN" ind1="1" ind2=" ">
    <subfield code="a">Horn, Arnold</subfield>
    <subfield code="d">14XX-1483</subfield>
    <subfield code="A">GND</subfield>
    <subfield code="B">GND-137661495</subfield>
    <subfield code="C">400</subfield>
  </datafield>
  <datafield tag="GSI" ind1="7" ind2=" ">
    <subfield code="a">137661495</subfield>
    <subfield code="0">http://d-nb.info/gnd/137661495</subfield>
    <subfield code="2">gnd</subfield>
    <subfield code="A">GND</subfield>
    <subfield code="B">GND-137661495</subfield>
    <subfield code="C">024</subfield>
  </datafield>
  <datafield tag="GPN" ind1="0" ind2=" ">
    <subfield code="a">Thomas</subfield>
    <subfield code="c">von Aquin</subfield>
    <subfield code="d">1225-1274</subfield>
    <subfield code="A">GND</subfield>
    <subfield code="B">GND-118622110</subfield>
    <subfield code="C">400</subfield>
  </datafield>
  <datafield tag="GPN" ind1="0" ind2=" ">
    <subfield code="a">Thomas</subfield>
    <subfield code="c">de Aquino, Heiliger</subfield>
    <subfield code="d">1225-1274</subfield>
    <subfield code="A">GND</subfield>
    <subfield code="B">GND-118622110</subfield>
    <subfield code="C">400</subfield>
  </datafield>
  <datafield tag="GPN" ind1="0" ind2=" ">
    <subfield code="a">Thomas</subfield>
    <subfield code="c">de Aquino</subfield>
    <subfield code="d">1225-1274</subfield>
    <subfield code="A">GND</subfield>
    <subfield code="B">GND-118622110</subfield>
    <subfield code="C">400</subfield>
  </datafield>
  <datafield tag="GPN" ind1="0" ind2=" ">
    <subfield code="a">Thomas</subfield>
    <subfield code="c">ab Aquino, Heiliger</subfield>
    <subfield code="d">1225-1274</subfield>
    <subfield code="A">GND</subfield>
    <subfield code="B">GND-118622110</subfield>
    <subfield code="C">400</subfield>
  </datafield>
  <datafield tag="GPN" ind1="0" ind2=" ">
    <subfield code="a">Thomas</subfield>
    <subfield code="c">ab Aquino</subfield>
    <subfield code="d">1225-1274</subfield>
    <subfield code="A">GND</subfield>
    <subfield code="B">GND-118622110</subfield>
    <subfield code="C">400</subfield>
  </datafield>
  <datafield tag="GPN" ind1="0" ind2=" ">
    <subfield code="a">Doctor Angelicus</subfield>
    <subfield code="d">1225-1274</subfield>
    <subfield code="A">GND</subfield>
    <subfield code="B">GND-118622110</subfield>
    <subfield code="C">400</subfield>
  </datafield>
  <datafield tag="GPN" ind1="0" ind2=" ">
    <subfield code="a">Dottore angelico</subfield>
    <subfield code="d">1225-1274</subfield>
    <subfield code="A">GND</subfield>
    <subfield code="B">GND-118622110</subfield>
    <subfield code="C">400</subfield>
  </datafield>
  <datafield tag="GPN" ind1="0" ind2=" ">
    <subfield code="a">Thomas</subfield>
    <subfield code="c">Akinatos, Heiliger</subfield>
    <subfield code="d">1225-1274</subfield>
    <subfield code="A">GND</subfield>
    <subfield code="B">GND-118622110</subfield>
    <subfield code="C">400</subfield>
  </datafield>
  <datafield tag="GPN" ind1="0" ind2=" ">
    <subfield code="a">Thomas</subfield>
    <subfield code="c">Akuinatos, Heiliger</subfield>
    <subfield code="d">1225-1274</subfield>
    <subfield code="A">GND</subfield>
    <subfield code="B">GND-118622110</subfield>
    <subfield code="C">400</subfield>
  </datafield>
  <datafield tag="GPN" ind1="0" ind2=" ">
    <subfield code="a">Thomas</subfield>
    <subfield code="c">Aquinatus, Heiliger</subfield>
    <subfield code="d">1225-1274</subfield>
    <subfield code="A">GND</subfield>
    <subfield code="B">GND-118622110</subfield>
    <subfield code="C">400</subfield>
  </datafield>
  <datafield tag="GPN" ind1="0" ind2=" ">
    <subfield code="a">Thomas</subfield>
    <subfield code="c">Aquinas, Heiliger</subfield>
    <subfield code="d">1225-1274</subfield>
    <subfield code="A">GND</subfield>
    <subfield code="B">GND-118622110</subfield>
    <subfield code="C">400</subfield>
  </datafield>
  <datafield tag="GPN" ind1="0" ind2=" ">
    <subfield code="a">Thomas</subfield>
    <subfield code="c">Aquinus, Heiliger</subfield>
    <subfield code="d">1225-1274</subfield>
    <subfield code="A">GND</subfield>
    <subfield code="B">GND-118622110</subfield>
    <subfield code="C">400</subfield>
  </datafield>
  <datafield tag="GPN" ind1="0" ind2=" ">
    <subfield code="a">Thomas</subfield>
    <subfield code="c">Aquinatus, Sanctus</subfield>
    <subfield code="d">1225-1274</subfield>
    <subfield code="A">GND</subfield>
    <subfield code="B">GND-118622110</subfield>
    <subfield code="C">400</subfield>
  </datafield>
  <datafield tag="GPN" ind1="0" ind2=" ">
    <subfield code="a">Thōmas</subfield>
    <subfield code="c">Akinatos, Heiliger</subfield>
    <subfield code="d">1225-1274</subfield>
    <subfield code="A">GND</subfield>
    <subfield code="B">GND-118622110</subfield>
    <subfield code="C">400</subfield>
  </datafield>
  <datafield tag="GPN" ind1="0" ind2=" ">
    <subfield code="a">Tommaso</subfield>
    <subfield code="c">d'Aquino, Heiliger</subfield>
    <subfield code="d">1225-1274</subfield>
    <subfield code="A">GND</subfield>
    <subfield code="B">GND-118622110</subfield>
    <subfield code="C">400</subfield>
  </datafield>
  <datafield tag="GPN" ind1="0" ind2=" ">
    <subfield code="a">Thomas</subfield>
    <subfield code="c">von Aquino, Heiliger</subfield>
    <subfield code="d">1225-1274</subfield>
    <subfield code="9">v:VD-16</subfield>
    <subfield code="A">GND</subfield>
    <subfield code="B">GND-118622110</subfield>
    <subfield code="C">400</subfield>
  </datafield>
  <datafield tag="GPN" ind1="0" ind2=" ">
    <subfield code="a">Thomas</subfield>
    <subfield code="c">von Aquino</subfield>
    <subfield code="d">1225-1274</subfield>
    <subfield code="A">GND</subfield>
    <subfield code="B">GND-118622110</subfield>
    <subfield code="C">400</subfield>
  </datafield>
  <datafield tag="GPN" ind1="0" ind2=" ">
    <subfield code="a">Thomas</subfield>
    <subfield code="c">Aquinatis, Heiliger</subfield>
    <subfield code="d">1225-1274</subfield>
    <subfield code="A">GND</subfield>
    <subfield code="B">GND-118622110</subfield>
    <subfield code="C">400</subfield>
  </datafield>
  <datafield tag="GPN" ind1="0" ind2=" ">
    <subfield code="a">Thomas</subfield>
    <subfield code="c">d'Aquin, Heiliger</subfield>
    <subfield code="d">1225-1274</subfield>
    <subfield code="A">GND</subfield>
    <subfield code="B">GND-118622110</subfield>
    <subfield code="C">400</subfield>
  </datafield>
  <datafield tag="GPN" ind1="0" ind2=" ">
    <subfield code="a">Thomas</subfield>
    <subfield code="c">d'Aquin, Saint</subfield>
    <subfield code="d">1225-1274</subfield>
    <subfield code="A">GND</subfield>
    <subfield code="B">GND-118622110</subfield>
    <subfield code="C">400</subfield>
  </datafield>
  <datafield tag="GPN" ind1="0" ind2=" ">
    <subfield code="a">Thomas</subfield>
    <subfield code="c">de Aquinas, Heiliger</subfield>
    <subfield code="d">1225-1274</subfield>
    <subfield code="A">GND</subfield>
    <subfield code="B">GND-118622110</subfield>
    <subfield code="C">400</subfield>
  </datafield>
  <datafield tag="GPN" ind1="0" ind2=" ">
    <subfield code="a">Thomas</subfield>
    <subfield code="c">Camisensis, Heiliger</subfield>
    <subfield code="d">1225-1274</subfield>
    <subfield code="A">GND</subfield>
    <subfield code="B">GND-118622110</subfield>
    <subfield code="C">400</subfield>
  </datafield>
  <datafield tag="GPN" ind1="0" ind2=" ">
    <subfield code="a">Tomás</subfield>
    <subfield code="c">de Aquino, Heiliger</subfield>
    <subfield code="d">1225-1274</subfield>
    <subfield code="A">GND</subfield>
    <subfield code="B">GND-118622110</subfield>
    <subfield code="C">400</subfield>
  </datafield>
  <datafield tag="GPN" ind1="0" ind2=" ">
    <subfield code="a">Tomasz</subfield>
    <subfield code="c">z Akwinu, Heiliger</subfield>
    <subfield code="d">1225-1274</subfield>
    <subfield code="A">GND</subfield>
    <subfield code="B">GND-118622110</subfield>
    <subfield code="C">400</subfield>
  </datafield>
  <datafield tag="GPN" ind1="0" ind2=" ">
    <subfield code="a">Thomas</subfield>
    <subfield code="c">ho Akinatas, Heiliger</subfield>
    <subfield code="d">1225-1274</subfield>
    <subfield code="A">GND</subfield>
    <subfield code="B">GND-118622110</subfield>
    <subfield code="C">400</subfield>
  </datafield>
  <datafield tag="GPN" ind1="0" ind2=" ">
    <subfield code="a">Thomas</subfield>
    <subfield code="c">Daqui, Heiliger</subfield>
    <subfield code="d">1225-1274</subfield>
    <subfield code="A">GND</subfield>
    <subfield code="B">GND-118622110</subfield>
    <subfield code="C">400</subfield>
  </datafield>
  <datafield tag="GPN" ind1="0" ind2=" ">
    <subfield code="a">Tommaso</subfield>
    <subfield code="c">d'Aquino, San</subfield>
    <subfield code="d">1225-1274</subfield>
    <subfield code="A">GND</subfield>
    <subfield code="B">GND-118622110</subfield>
    <subfield code="C">400</subfield>
  </datafield>
  <datafield tag="GPN" ind1="0" ind2=" ">
    <subfield code="a">Tommaso</subfield>
    <subfield code="c">d'Aquino</subfield>
    <subfield code="d">1225-1274</subfield>
    <subfield code="A">GND</subfield>
    <subfield code="B">GND-118622110</subfield>
    <subfield code="C">400</subfield>
  </datafield>
  <datafield tag="GPN" ind1="0" ind2=" ">
    <subfield code="a">Thomas</subfield>
    <subfield code="c">Aquinas, Saint</subfield>
    <subfield code="d">1225-1274</subfield>
    <subfield code="A">GND</subfield>
    <subfield code="B">GND-118622110</subfield>
    <subfield code="C">400</subfield>
  </datafield>
  <datafield tag="GPN" ind1="0" ind2=" ">
    <subfield code="a">Tomás</subfield>
    <subfield code="c">de Aquino, Santo</subfield>
    <subfield code="d">1225-1274</subfield>
    <subfield code="A">GND</subfield>
    <subfield code="B">GND-118622110</subfield>
    <subfield code="C">400</subfield>
  </datafield>
  <datafield tag="GPN" ind1="0" ind2=" ">
    <subfield code="a">Tūmā al-Akwīnī</subfield>
    <subfield code="c">Heiliger</subfield>
    <subfield code="d">1225-1274</subfield>
    <subfield code="A">GND</subfield>
    <subfield code="B">GND-118622110</subfield>
    <subfield code="C">400</subfield>
  </datafield>
  <datafield tag="GPN" ind1="0" ind2=" ">
    <subfield code="a">Thomas</subfield>
    <subfield code="c">Beatus</subfield>
    <subfield code="d">1225-1274</subfield>
    <subfield code="A">GND</subfield>
    <subfield code="B">GND-118622110</subfield>
    <subfield code="C">400</subfield>
  </datafield>
  <datafield tag="GPN" ind1="1" ind2=" ">
    <subfield code="a">Aquinatus, Thomas</subfield>
    <subfield code="c">Heiliger</subfield>
    <subfield code="d">1225-1274</subfield>
    <subfield code="A">GND</subfield>
    <subfield code="B">GND-118622110</subfield>
    <subfield code="C">400</subfield>
  </datafield>
  <datafield tag="GPN" ind1="1" ind2=" ">
    <subfield code="a">Aquin, Thomas</subfield>
    <subfield code="c">von, Heiliger</subfield>
    <subfield code="d">1225-1274</subfield>
    <subfield code="A">GND</subfield>
    <subfield code="B">GND-118622110</subfield>
    <subfield code="C">400</subfield>
  </datafield>
  <datafield tag="GPN" ind1="1" ind2=" ">
    <subfield code="a">Aquino, Thomas</subfield>
    <subfield code="c">von, Heiliger</subfield>
    <subfield code="d">1225-1274</subfield>
    <subfield code="A">GND</subfield>
    <subfield code="B">GND-118622110</subfield>
    <subfield code="C">400</subfield>
  </datafield>
  <datafield tag="GPN" ind1="1" ind2=" ">
    <subfield code="a">Aquinas, Thomas</subfield>
    <subfield code="c">de, Heiliger</subfield>
    <subfield code="d">1225-1274</subfield>
    <subfield code="A">GND</subfield>
    <subfield code="B">GND-118622110</subfield>
    <subfield code="C">400</subfield>
  </datafield>
  <datafield tag="GPN" ind1="1" ind2=" ">
    <subfield code="a">Aquino, Tommaso</subfield>
    <subfield code="c">d', Heiliger</subfield>
    <subfield code="d">1225-1274</subfield>
    <subfield code="A">GND</subfield>
    <subfield code="B">GND-118622110</subfield>
    <subfield code="C">400</subfield>
  </datafield>
  <datafield tag="GPN" ind1="1" ind2=" ">
    <subfield code="a">Aquino, Thomas</subfield>
    <subfield code="c">de, Heiliger</subfield>
    <subfield code="d">1225-1274</subfield>
    <subfield code="A">GND</subfield>
    <subfield code="B">GND-118622110</subfield>
    <subfield code="C">400</subfield>
  </datafield>
  <datafield tag="GPN" ind1="1" ind2=" ">
    <subfield code="a">Aquino, Tomás</subfield>
    <subfield code="c">de, Heiliger</subfield>
    <subfield code="d">1225-1274</subfield>
    <subfield code="A">GND</subfield>
    <subfield code="B">GND-118622110</subfield>
    <subfield code="C">400</subfield>
  </datafield>
  <datafield tag="GPN" ind1="1" ind2=" ">
    <subfield code="a">Aquinas, Thomas</subfield>
    <subfield code="c">Heiliger</subfield>
    <subfield code="d">1225-1274</subfield>
    <subfield code="A">GND</subfield>
    <subfield code="B">GND-118622110</subfield>
    <subfield code="C">400</subfield>
  </datafield>
  <datafield tag="GPN" ind1="1" ind2=" ">
    <subfield code="a">Aquinas, Thomas</subfield>
    <subfield code="c">Saint</subfield>
    <subfield code="d">1225-1274</subfield>
    <subfield code="A">GND</subfield>
    <subfield code="B">GND-118622110</subfield>
    <subfield code="C">400</subfield>
  </datafield>
  <datafield tag="GPN" ind1="1" ind2=" ">
    <subfield code="a">Aquino, Tommaso Niccolò</subfield>
    <subfield code="c">d', Heiliger</subfield>
    <subfield code="d">1225-1274</subfield>
    <subfield code="A">GND</subfield>
    <subfield code="B">GND-118622110</subfield>
    <subfield code="C">400</subfield>
  </datafield>
  <datafield tag="GPN" ind1="1" ind2=" ">
    <subfield code="a">Aquino, Tommaso N.</subfield>
    <subfield code="c">d', Heiliger</subfield>
    <subfield code="d">1225-1274</subfield>
    <subfield code="A">GND</subfield>
    <subfield code="B">GND-118622110</subfield>
    <subfield code="C">400</subfield>
  </datafield>
  <datafield tag="GPN" ind1="1" ind2=" ">
    <subfield code="a">Akvinskij, Foma</subfield>
    <subfield code="c">Heiliger</subfield>
    <subfield code="d">1225-1274</subfield>
    <subfield code="A">GND</subfield>
    <subfield code="B">GND-118622110</subfield>
    <subfield code="C">400</subfield>
  </datafield>
  <datafield tag="GPN" ind1="0" ind2=" ">
    <subfield code="a">Aquinas</subfield>
    <subfield code="c">Heiliger</subfield>
    <subfield code="d">1225-1274</subfield>
    <subfield code="A">GND</subfield>
    <subfield code="B">GND-118622110</subfield>
    <subfield code="C">400</subfield>
  </datafield>
  <datafield tag="GPN" ind1="1" ind2=" ">
    <subfield code="a">Akwīnī, Tūmā</subfield>
    <subfield code="c">al-, Heiliger</subfield>
    <subfield code="d">1225-1274</subfield>
    <subfield code="A">GND</subfield>
    <subfield code="B">GND-118622110</subfield>
    <subfield code="C">400</subfield>
  </datafield>
  <datafield tag="GPN" ind1="0" ind2=" ">
    <subfield code="a">Foma</subfield>
    <subfield code="c">Akvinskij, Heiliger</subfield>
    <subfield code="d">1225-1274</subfield>
    <subfield code="A">GND</subfield>
    <subfield code="B">GND-118622110</subfield>
    <subfield code="C">400</subfield>
  </datafield>
  <datafield tag="GPN" ind1="1" ind2=" ">
    <subfield code="a">Daqui, Thomas</subfield>
    <subfield code="c">Seut</subfield>
    <subfield code="d">1225-1274</subfield>
    <subfield code="A">GND</subfield>
    <subfield code="B">GND-118622110</subfield>
    <subfield code="C">400</subfield>
  </datafield>
  <datafield tag="GPN" ind1="0" ind2=" ">
    <subfield code="a">Pseudo-Thomas</subfield>
    <subfield code="c">von Aquin</subfield>
    <subfield code="d">1225-1274</subfield>
    <subfield code="A">GND</subfield>
    <subfield code="B">GND-118622110</subfield>
    <subfield code="C">400</subfield>
  </datafield>
  <datafield tag="GPN" ind1="0" ind2=" ">
    <subfield code="a">Pseudo-Thomas</subfield>
    <subfield code="c">Aquinas</subfield>
    <subfield code="d">1225-1274</subfield>
    <subfield code="A">GND</subfield>
    <subfield code="B">GND-118622110</subfield>
    <subfield code="C">400</subfield>
  </datafield>
  <datafield tag="GPN" ind1="0" ind2=" ">
    <subfield code="a">Pseudo-Thomas</subfield>
    <subfield code="c">de Aquino</subfield>
    <subfield code="d">1225-1274</subfield>
    <subfield code="A">GND</subfield>
    <subfield code="B">GND-118622110</subfield>
    <subfield code="C">400</subfield>
  </datafield>
  <datafield tag="GPN" ind1="0" ind2=" ">
    <subfield code="a">Thomas</subfield>
    <subfield code="c">Aquinas, Saint</subfield>
    <subfield code="d">1225-1274</subfield>
    <subfield code="A">GND</subfield>
    <subfield code="B">GND-118622110</subfield>
    <subfield code="C">400</subfield>
  </datafield>
  <datafield tag="GPN" ind1="1" ind2=" ">
    <subfield code="a">Ak'vineli, T'oma</subfield>
    <subfield code="c">Saint</subfield>
    <subfield code="d">1225-1274</subfield>
    <subfield code="A">GND</subfield>
    <subfield code="B">GND-118622110</subfield>
    <subfield code="C">400</subfield>
  </datafield>
  <datafield tag="GPN" ind1="1" ind2=" ">
    <subfield code="a">Akvinietis, Tomas</subfield>
    <subfield code="c">Saint</subfield>
    <subfield code="d">1225-1274</subfield>
    <subfield code="A">GND</subfield>
    <subfield code="B">GND-118622110</subfield>
    <subfield code="C">400</subfield>
  </datafield>
  <datafield tag="GPN" ind1="1" ind2=" ">
    <subfield code="a">Akvinskii, Foma</subfield>
    <subfield code="c">Saint</subfield>
    <subfield code="d">1225-1274</subfield>
    <subfield code="A">GND</subfield>
    <subfield code="B">GND-118622110</subfield>
    <subfield code="C">400</subfield>
  </datafield>
  <datafield tag="GPN" ind1="0" ind2=" ">
    <subfield code="a">Aquinas</subfield>
    <subfield code="d">1225-1274</subfield>
    <subfield code="A">GND</subfield>
    <subfield code="B">GND-118622110</subfield>
    <subfield code="C">400</subfield>
  </datafield>
  <datafield tag="GPN" ind1="1" ind2=" ">
    <subfield code="a">Aquinas, Thomas</subfield>
    <subfield code="c">Saint</subfield>
    <subfield code="d">1225-1274</subfield>
    <subfield code="A">GND</subfield>
    <subfield code="B">GND-118622110</subfield>
    <subfield code="C">400</subfield>
  </datafield>
  <datafield tag="GPN" ind1="0" ind2=" ">
    <subfield code="a">Foma</subfield>
    <subfield code="c">Akvinskiĭ, Saint</subfield>
    <subfield code="d">1225-1274</subfield>
    <subfield code="A">GND</subfield>
    <subfield code="B">GND-118622110</subfield>
    <subfield code="C">400</subfield>
  </datafield>
  <datafield tag="GPN" ind1="0" ind2=" ">
    <subfield code="a">Thomas</subfield>
    <subfield code="c">Aquinas, Saint</subfield>
    <subfield code="d">1225-1274</subfield>
    <subfield code="A">GND</subfield>
    <subfield code="B">GND-118622110</subfield>
    <subfield code="C">400</subfield>
  </datafield>
  <datafield tag="GPN" ind1="0" ind2=" ">
    <subfield code="a">Thomas</subfield>
    <subfield code="c">av Aquino, Saint</subfield>
    <subfield code="d">1225-1274</subfield>
    <subfield code="A">GND</subfield>
    <subfield code="B">GND-118622110</subfield>
    <subfield code="C">400</subfield>
  </datafield>
  <datafield tag="GPN" ind1="0" ind2=" ">
    <subfield code="a">Thomas</subfield>
    <subfield code="c">d'Aquin, Saint</subfield>
    <subfield code="d">1225-1274</subfield>
    <subfield code="A">GND</subfield>
    <subfield code="B">GND-118622110</subfield>
    <subfield code="C">400</subfield>
  </datafield>
  <datafield tag="GPN" ind1="0" ind2=" ">
    <subfield code="a">Thomas</subfield>
    <subfield code="c">von Aquin, Saint</subfield>
    <subfield code="d">1225-1274</subfield>
    <subfield code="A">GND</subfield>
    <subfield code="B">GND-118622110</subfield>
    <subfield code="C">400</subfield>
  </datafield>
  <datafield tag="GPN" ind1="0" ind2=" ">
    <subfield code="a">T'oma</subfield>
    <subfield code="c">Ak'vineli, Saint</subfield>
    <subfield code="d">1225-1274</subfield>
    <subfield code="A">GND</subfield>
    <subfield code="B">GND-118622110</subfield>
    <subfield code="C">400</subfield>
  </datafield>
  <datafield tag="GPN" ind1="0" ind2=" ">
    <subfield code="a">Toma</subfield>
    <subfield code="c">Akvinski, Saint</subfield>
    <subfield code="d">1225-1274</subfield>
    <subfield code="A">GND</subfield>
    <subfield code="B">GND-118622110</subfield>
    <subfield code="C">400</subfield>
  </datafield>
  <datafield tag="GPN" ind1="0" ind2=" ">
    <subfield code="a">Toma</subfield>
    <subfield code="c">Akvinskii, Saint</subfield>
    <subfield code="d">1225-1274</subfield>
    <subfield code="A">GND</subfield>
    <subfield code="B">GND-118622110</subfield>
    <subfield code="C">400</subfield>
  </datafield>
  <datafield tag="GPN" ind1="0" ind2=" ">
    <subfield code="a">Toma</subfield>
    <subfield code="c">Akvins'kyi, Saint</subfield>
    <subfield code="d">1225-1274</subfield>
    <subfield code="A">GND</subfield>
    <subfield code="B">GND-118622110</subfield>
    <subfield code="C">400</subfield>
  </datafield>
  <datafield tag="GPN" ind1="0" ind2=" ">
    <subfield code="a">Toma</subfield>
    <subfield code="c">ot Akvino, Saint</subfield>
    <subfield code="d">1225-1274</subfield>
    <subfield code="A">GND</subfield>
    <subfield code="B">GND-118622110</subfield>
    <subfield code="C">400</subfield>
  </datafield>
  <datafield tag="GPN" ind1="0" ind2=" ">
    <subfield code="a">Tomas</subfield>
    <subfield code="c">Akvinietis, Saint</subfield>
    <subfield code="d">1225-1274</subfield>
    <subfield code="A">GND</subfield>
    <subfield code="B">GND-118622110</subfield>
    <subfield code="C">400</subfield>
  </datafield>
  <datafield tag="GPN" ind1="0" ind2=" ">
    <subfield code="a">Tomas</subfield>
    <subfield code="c">de Aquino, Saint</subfield>
    <subfield code="d">1225-1274</subfield>
    <subfield code="A">GND</subfield>
    <subfield code="B">GND-118622110</subfield>
    <subfield code="C">400</subfield>
  </datafield>
  <datafield tag="GPN" ind1="0" ind2=" ">
    <subfield code="a">Tomasu</subfield>
    <subfield code="c">Akuinasu, Saint</subfield>
    <subfield code="d">1225-1274</subfield>
    <subfield code="A">GND</subfield>
    <subfield code="B">GND-118622110</subfield>
    <subfield code="C">400</subfield>
  </datafield>
  <datafield tag="GPN" ind1="0" ind2=" ">
    <subfield code="a">Tomasu</subfield>
    <subfield code="c">Akwinasu, Saint</subfield>
    <subfield code="d">1225-1274</subfield>
    <subfield code="A">GND</subfield>
    <subfield code="B">GND-118622110</subfield>
    <subfield code="C">400</subfield>
  </datafield>
  <datafield tag="GPN" ind1="0" ind2=" ">
    <subfield code="a">Tomasz</subfield>
    <subfield code="c">Akwinu, Saint</subfield>
    <subfield code="d">1225-1274</subfield>
    <subfield code="A">GND</subfield>
    <subfield code="B">GND-118622110</subfield>
    <subfield code="C">400</subfield>
  </datafield>
  <datafield tag="GPN" ind1="0" ind2=" ">
    <subfield code="a">Tommaso</subfield>
    <subfield code="c">d'Aquino, Saint</subfield>
    <subfield code="d">1225-1274</subfield>
    <subfield code="A">GND</subfield>
    <subfield code="B">GND-118622110</subfield>
    <subfield code="C">400</subfield>
  </datafield>
  <datafield tag="GPN" ind1="0" ind2=" ">
    <subfield code="a">T'ovma</subfield>
    <subfield code="c">Ak'uinats'i Saint</subfield>
    <subfield code="d">1225-1274</subfield>
    <subfield code="A">GND</subfield>
    <subfield code="B">GND-118622110</subfield>
    <subfield code="C">400</subfield>
  </datafield>
  <datafield tag="GPN" ind1="0" ind2=" ">
    <subfield code="a">Thomas</subfield>
    <subfield code="c">'o Akinatos, Saint</subfield>
    <subfield code="d">1225-1274</subfield>
    <subfield code="A">GND</subfield>
    <subfield code="B">GND-118622110</subfield>
    <subfield code="C">400</subfield>
  </datafield>
  <datafield tag="GPN" ind1="0" ind2=" ">
    <subfield code="a">Thomas</subfield>
    <subfield code="c">'o Akinates, Saint</subfield>
    <subfield code="d">1225-1274</subfield>
    <subfield code="A">GND</subfield>
    <subfield code="B">GND-118622110</subfield>
    <subfield code="C">400</subfield>
  </datafield>
  <datafield tag="GPN" ind1="0" ind2=" ">
    <subfield code="a">Thomas</subfield>
    <subfield code="c">'o Akuinatos, Saint</subfield>
    <subfield code="d">1225-1274</subfield>
    <subfield code="A">GND</subfield>
    <subfield code="B">GND-118622110</subfield>
    <subfield code="C">400</subfield>
  </datafield>
  <datafield tag="GPN" ind1="0" ind2=" ">
    <subfield code="a">Thomas</subfield>
    <subfield code="c">'o Akuinates, Saint</subfield>
    <subfield code="d">1225-1274</subfield>
    <subfield code="A">GND</subfield>
    <subfield code="B">GND-118622110</subfield>
    <subfield code="C">400</subfield>
  </datafield>
  <datafield tag="GPN" ind1="0" ind2=" ">
    <subfield code="a">Tomás</subfield>
    <subfield code="c">de Aquino, Saint</subfield>
    <subfield code="d">1225-1274</subfield>
    <subfield code="A">GND</subfield>
    <subfield code="B">GND-118622110</subfield>
    <subfield code="C">400</subfield>
  </datafield>
  <datafield tag="GPN" ind1="1" ind2=" ">
    <subfield code="a">Aquin, Thomas &lt;&lt;von&gt;&gt;</subfield>
    <subfield code="d">1225-1274</subfield>
    <subfield code="A">GND</subfield>
    <subfield code="B">GND-118622110</subfield>
    <subfield code="C">400</subfield>
  </datafield>
  <datafield tag="GPN" ind1="1" ind2=" ">
    <subfield code="a">Aquino, Thomas &lt;&lt;von&gt;&gt;</subfield>
    <subfield code="d">1225-1274</subfield>
    <subfield code="A">GND</subfield>
    <subfield code="B">GND-118622110</subfield>
    <subfield code="C">400</subfield>
  </datafield>
  <datafield tag="GPN" ind1="0" ind2=" ">
    <subfield code="a">Тома</subfield>
    <subfield code="c">Аквінський, Saint</subfield>
    <subfield code="d">1225-1274</subfield>
    <subfield code="A">GND</subfield>
    <subfield code="B">GND-118622110</subfield>
    <subfield code="C">400</subfield>
  </datafield>
  <datafield tag="GPN" ind1="0" ind2=" ">
    <subfield code="a">Pתומאס אקווינאס</subfield>
    <subfield code="d">1225-1274</subfield>
    <subfield code="A">GND</subfield>
    <subfield code="B">GND-118622110</subfield>
    <subfield code="C">400</subfield>
  </datafield>
  <datafield tag="GPN" ind1="0" ind2=" ">
    <subfield code="a">Pתומס אקווינס</subfield>
    <subfield code="d">1225-1274</subfield>
    <subfield code="A">GND</subfield>
    <subfield code="B">GND-118622110</subfield>
    <subfield code="C">400</subfield>
  </datafield>
  <datafield tag="GPN" ind1="0" ind2=" ">
    <subfield code="a">اكويني ، توما</subfield>
    <subfield code="d">1225-1274</subfield>
    <subfield code="A">GND</subfield>
    <subfield code="B">GND-118622110</subfield>
    <subfield code="C">400</subfield>
  </datafield>
  <datafield tag="GPN" ind1="1" ind2=" ">
    <subfield code="9">U:Hant</subfield>
    <subfield code="a">阿奎那, 聖托馬斯</subfield>
    <subfield code="d">1225-1274</subfield>
    <subfield code="5">DE-603</subfield>
    <subfield code="A">GND</subfield>
    <subfield code="B">GND-118622110</subfield>
    <subfield code="C">400</subfield>
  </datafield>
  <datafield tag="GSI" ind1="7" ind2=" ">
    <subfield code="a">118622110</subfield>
    <subfield code="0">http://d-nb.info/gnd/118622110</subfield>
    <subfield code="2">gnd</subfield>
    <subfield code="A">GND</subfield>
    <subfield code="B">GND-118622110</subfield>
    <subfield code="C">024</subfield>
  </datafield>
  <datafield tag="GSI" ind1="7" ind2=" ">
    <subfield code="a">4031483-2</subfield>
    <subfield code="0">http://d-nb.info/gnd/4031483-2</subfield>
    <subfield code="2">gnd</subfield>
    <subfield code="A">GND</subfield>
    <subfield code="B">GND-040314839</subfield>
    <subfield code="C">024</subfield>
  </datafield>
  <datafield tag="GGN" ind1=" " ind2=" ">
    <subfield code="a">Keln</subfield>
    <subfield code="A">GND</subfield>
    <subfield code="B">GND-040314839</subfield>
    <subfield code="C">451</subfield>
  </datafield>
  <datafield tag="GGN" ind1=" " ind2=" ">
    <subfield code="a">Keulen</subfield>
    <subfield code="A">GND</subfield>
    <subfield code="B">GND-040314839</subfield>
    <subfield code="C">451</subfield>
  </datafield>
  <datafield tag="GGN" ind1=" " ind2=" ">
    <subfield code="a">Cölln</subfield>
    <subfield code="g">Köln</subfield>
    <subfield code="A">GND</subfield>
    <subfield code="B">GND-040314839</subfield>
    <subfield code="C">451</subfield>
  </datafield>
  <datafield tag="GGN" ind1=" " ind2=" ">
    <subfield code="a">Groß-Köln</subfield>
    <subfield code="A">GND</subfield>
    <subfield code="B">GND-040314839</subfield>
    <subfield code="C">451</subfield>
  </datafield>
  <datafield tag="GGN" ind1=" " ind2=" ">
    <subfield code="a">Kūlūniyā</subfield>
    <subfield code="A">GND</subfield>
    <subfield code="B">GND-040314839</subfield>
    <subfield code="C">451</subfield>
  </datafield>
  <datafield tag="GGN" ind1=" " ind2=" ">
    <subfield code="a">Kerun</subfield>
    <subfield code="A">GND</subfield>
    <subfield code="B">GND-040314839</subfield>
    <subfield code="C">451</subfield>
  </datafield>
  <datafield tag="GGN" ind1=" " ind2=" ">
    <subfield code="a">Oppidum Ubiorum</subfield>
    <subfield code="A">GND</subfield>
    <subfield code="B">GND-040314839</subfield>
    <subfield code="C">451</subfield>
  </datafield>
  <datafield tag="GGN" ind1=" " ind2=" ">
    <subfield code="a">Ara Ubiorum</subfield>
    <subfield code="A">GND</subfield>
    <subfield code="B">GND-040314839</subfield>
    <subfield code="C">451</subfield>
  </datafield>
  <datafield tag="GGN" ind1=" " ind2=" ">
    <subfield code="a">Colonia Claudia Ara Agrippinensium</subfield>
    <subfield code="9">v:röm.</subfield>
    <subfield code="A">GND</subfield>
    <subfield code="B">GND-040314839</subfield>
    <subfield code="C">451</subfield>
  </datafield>
  <datafield tag="GGN" ind1=" " ind2=" ">
    <subfield code="a">CCAA</subfield>
    <subfield code="4">abku</subfield>
    <subfield code="4">https://d-nb.info/standards/elementset/gnd#abbreviatedNameForThePlaceOrGeographicName</subfield>
    <subfield code="w">r</subfield>
    <subfield code="i">Abkuerzung</subfield>
    <subfield code="9">v:röm.</subfield>
    <subfield code="A">GND</subfield>
    <subfield code="B">GND-040314839</subfield>
    <subfield code="C">451</subfield>
  </datafield>
  <datafield tag="GGN" ind1=" " ind2=" ">
    <subfield code="a">Colonia Agrippina</subfield>
    <subfield code="9">v:röm.</subfield>
    <subfield code="A">GND</subfield>
    <subfield code="B">GND-040314839</subfield>
    <subfield code="C">451</subfield>
  </datafield>
  <datafield tag="GGN" ind1=" " ind2=" ">
    <subfield code="a">Colonia Agrippinensis</subfield>
    <subfield code="9">v:röm.</subfield>
    <subfield code="A">GND</subfield>
    <subfield code="B">GND-040314839</subfield>
    <subfield code="C">451</subfield>
  </datafield>
  <datafield tag="GGN" ind1=" " ind2=" ">
    <subfield code="a">Colonia</subfield>
    <subfield code="g">Köln</subfield>
    <subfield code="A">GND</subfield>
    <subfield code="B">GND-040314839</subfield>
    <subfield code="C">451</subfield>
  </datafield>
  <datafield tag="GGN" ind1=" " ind2=" ">
    <subfield code="a">Colonia Ubiorum</subfield>
    <subfield code="A">GND</subfield>
    <subfield code="B">GND-040314839</subfield>
    <subfield code="C">451</subfield>
  </datafield>
  <datafield tag="GGN" ind1=" " ind2=" ">
    <subfield code="a">Kölln am Rheine</subfield>
    <subfield code="A">GND</subfield>
    <subfield code="B">GND-040314839</subfield>
    <subfield code="C">451</subfield>
  </datafield>
  <datafield tag="GGN" ind1=" " ind2=" ">
    <subfield code="a">Stadt Köln</subfield>
    <subfield code="A">GND</subfield>
    <subfield code="B">GND-040314839</subfield>
    <subfield code="C">451</subfield>
  </datafield>
  <datafield tag="GGN" ind1=" " ind2=" ">
    <subfield code="a">Cöln</subfield>
    <subfield code="A">GND</subfield>
    <subfield code="B">GND-040314839</subfield>
    <subfield code="C">451</subfield>
  </datafield>
  <datafield tag="GGN" ind1=" " ind2=" ">
    <subfield code="a">Cöllen</subfield>
    <subfield code="A">GND</subfield>
    <subfield code="B">GND-040314839</subfield>
    <subfield code="C">451</subfield>
  </datafield>
  <datafield tag="GGN" ind1=" " ind2=" ">
    <subfield code="a">Cologne</subfield>
    <subfield code="A">GND</subfield>
    <subfield code="B">GND-040314839</subfield>
    <subfield code="C">451</subfield>
  </datafield>
  <datafield tag="GGN" ind1=" " ind2=" ">
    <subfield code="a">Colonia ad Rhenum</subfield>
    <subfield code="A">GND</subfield>
    <subfield code="B">GND-040314839</subfield>
    <subfield code="C">451</subfield>
  </datafield>
  <datafield tag="GGN" ind1=" " ind2=" ">
    <subfield code="a">Hansestadt Köln</subfield>
    <subfield code="A">GND</subfield>
    <subfield code="B">GND-040314839</subfield>
    <subfield code="C">451</subfield>
  </datafield>
  <datafield tag="GGN" ind1=" " ind2=" ">
    <subfield code="a">Gross-Köln</subfield>
    <subfield code="A">GND</subfield>
    <subfield code="B">GND-040314839</subfield>
    <subfield code="C">451</subfield>
  </datafield>
  <datafield tag="GGN" ind1=" " ind2=" ">
    <subfield code="a">Colonia Agrippina</subfield>
    <subfield code="A">GND</subfield>
    <subfield code="B">GND-040314839</subfield>
    <subfield code="C">451</subfield>
  </datafield>
  <datafield tag="GGN" ind1=" " ind2=" ">
    <subfield code="a">Colonia Ubiorum</subfield>
    <subfield code="A">GND</subfield>
    <subfield code="B">GND-040314839</subfield>
    <subfield code="C">451</subfield>
  </datafield>
</record>
